@misc{ebscohost_econlit_2024,
 author = {EBSCOhost},
 month = {November},
 title = {{EconLIT} with {Full} {Text}},
 url = {https://support.ebsco.com/help/index.php?help_id=DB:737},
 year = {2024}
}

@misc{ebscohost_searching_2024,
 author = {EBSCOhost},
 month = {November},
 title = {Searching with {Wildcards} and {Truncation} {Symbols}},
 url = {https://support.ebsco.com/help/index.php?help_id=137},
 year = {2024}
}
